
@misc{Example,
  title = {{Fire Safety Journal, Guide for Authors}},
  howpublished = {\url{https://www.elsevier.com/journals/fire-safety-journal/0379-7112/guide-for-authors}},
  note = {accessed 21 March 2019},
  year = 2019
}

@BOOK{Drysdale:1,
  author       = {Dougal Drysdale},
  title        = {{An Introduction to Fire Dynamics}},
  publisher    = {John Wiley and Sons},
  address      = {New York},
  edition      = {2nd},
  year         = {2002},
}

@INPROCEEDINGS{Magnussen:1,
  author       = {Magnussen, B.F. and Hjertager, B.H.},
  title        = {{On Mathematical Modeling of Turbulent Combustion with Special Emphasis on Soot
                  Formation and Combustion}},
  booktitle    = {Proceedings of the Sixteenth Symposium (International) on Combustion},
  organization = {Combustion Institute, Pittsburgh, Pennsylvania},
  year         = {1977},
  pages        = {719-729},
}

@INBOOK{SFPE:Beyler,
  author       = {Beyler, C.},
  title        = {SFPE Handbook of Fire Protection Engineering},
  chapter      = {Flammability Limits of Premixed and Diffusion Flames},
  publisher    = {Springer},
  year         = {2016},
  edition      = {5th},
  address      = {New York}
}

@ARTICLE{Rehm:1,
  author       = {Rehm, R.G. and Baum, H.R.},
  title        = {{The Equations of Motion for Thermally Driven, Buoyant Flows}},
  journal      = {Journal of Research of the NBS},
  volume       = {83},
  pages        = {297-308},
  year         = {1978},
}


